10400000         2604984170001580000000000000000000002873806386700000000SAO PAULO TRANSPORTE S A      C ECON FEDERAL                          20610201601181200197404000000                    RETORNO-PRODUCAO                  000            
10400011T0100030 20604984170001580000000000000000000002873806386700000000SAO PAULO TRANSPORTE S A                                                                                      00001974061020160000000000                          00   
1040001300001T 060000000123450000000000200000000000007160100000000048    030520180000000000020002370287500000000000000000000000048091000052586027027PAULO ROBERTO DA SILVA                            000000000000125040102                     
1040001300001U 06000000000000000000000000000000000000000000000000000000000000000000000020000000000000020000000000000000000000000000000000030520180305201800000000000000000000000000000000000000000000000000000000000000000000000000000000       
1040001300002T 060000000123450000000000200000000000007240100000000051    030520180000000000100002370287500000000000000000000000051091000052586027027PAULO ROBERTO DA SILVA                            000000000000125040102                     
1040001300002U 06000000000000000000000000000000000000000000000000000000000000000000000100000000000000100000000000000000000000000000000000030520180305201800000000000000000000000000000000000000000000000000000000000000000000000000000000       
1040001300003T 060000000123450000000000200000000000007320100000000049    030520180000000000050002370287500000000000000000000000049091000052586027027PAULO ROBERTO DA SILVA                            000000000000125040102                     
1040001300003U 06000000000000000000000000000000000000000000000000000000000000000000000050000000000000050000000000000000000000000000000000030520180305201800000000000000000000000000000000000000000000000000000000000000000000000000000000       
1040001300004T 060000000123450000000000200000000000007080100000000050    030520180000000000020002370287500000000000000000000000050091000052586027027PAULO ROBERTO DA SILVA                            000000000000125040102                     
1040001300004U 06000000000000000000000000000000000000000000000000000000000000000000000020000000000000020000000000000000000000000000000000030520180305201800000000000000000000000000000000000000000000000000000000000000000000000000000000       
10400015         00011000000000000000000000000000000000000000000000000000000000000000000000000000000000000000000000                                                                                                                             
10499999         000001000112                                                                                                                                                                                                                   