10400000         2604984170001580000000000000000000002873806386700000000SAO PAULO TRANSPORTE S A      C ECON FEDERAL                          20610201601181200197404000000                    RETORNO-PRODUCAO                  000            
10400011T0100030 20604984170001580000000000000000000002873806386700000000SAO PAULO TRANSPORTE S A                                                                                      00001974061020160000000000                          00   
1040001300001T 060000000638670000000000240000000000000880100000000002    130220180000000000022002370287500000000000000000000000002091000053258976597KEVIN EDUARDO DOS SANTOS                          000000000000125040102                     
1040001300001U 06000000000000000000000000000000000000000000000000000000000000000000000022000000000000022000000000000000000000000000000000130220181302201800000000000000000000000000000000000000000000000000000000000000000000000000000000       
1040001300002T 060000000638670000000000240000000000000370100000000001    310120180000000000004002370287500000000000000000000000001091000091571244344FRANCISCO WALTER                                  000000000000125040102                     
1040001300002U 06000000000000000000000000000000000000000000000000000000000000000000000004000000000000004000000000000000000000000000000000310120183101201800000000000000000000000000000000000000000000000000000000000000000000000000000000       
1040001300003T 060000000638670000000000240000000000001050100000000004    160320180000000000003152370287500000000000000000000000004091000044388155926SPTRANS 10                                        000000000000125040202                     
1040001300003U 06000000000000000000000000000000000000000000000000000000000000000000000003150000000000003150000000000000000000000000000000160320181603201800000000000000000000000000000000000000000000000000000000000000000000000000000000       
1040001300004T 060000000638670000000000240000000000001130100000000005    210320180000000000013502370287500000000000000000000000005091000044388155926SPTRANS 10                                        000000000000125040102                     
1040001300004U 06000000000000000000000000000000000000000000000000000000000000000000000013500000000000013500000000000000000000000000000000210320182103201800000000000000000000000000000000000000000000000000000000000000000000000000000000       
1040001300005T 060000000638670000000000240000000000001210100000000006    210320180000000001003502370287500000000000000000000000006091000044388155926SPTRANS 10                                        000000000000125040102                     
1040001300005U 06000000000000000000000000000000000000000000000000000000000000000000001003500000000001003500000000000000000000000000000000210320182103201800000000000000000000000000000000000000000000000000000000000000000000000000000000       
1040001300006T 060000000638670000000000240000000000001400100000000008    150320180000000000013702370287500000000000000000000000008091000044388155926SPTRANS 10                                        000000000000125040202                     
1040001300006U 06000000000000000000000000000000000000000000000000000000000000000000000013700000000000013700000000000000000000000000000000150320181503201800000000000000000000000000000000000000000000000000000000000000000000000000000000       
1040001300007T 060000000638670000000000240000000000003290100000000017    210420180000000000013062370287500000000000000000000000017091000044388155926SPTRANS 10                                        000000000000125040102                     
1040001300007U 06000000000000000000000000000000000000000000000000000000000000000000000013060000000000013060000000000000000000000000000000210420182104201800000000000000000000000000000000000000000000000000000000000000000000000000000000       
1040001300008T 060000000638670000000000240000000000003370100000000018    210420180000000000030402370287500000000000000000000000018091000044388155926SPTRANS 10                                        000000000000125040102                     
1040001300008U 06000000000000000000000000000000000000000000000000000000000000000000000030400000000000030400000000000000000000000000000000210420182104201800000000000000000000000000000000000000000000000000000000000000000000000000000000       
1040001300009T 060000000638670000000000240000000000003530100000000020    210420180000000000013062370287500000000000000000000000020091000044388155926SPTRANS 10                                        000000000000125040202                     
1040001300009U 06000000000000000000000000000000000000000000000000000000000000000000000013060000000000013060000000000000000000000000000000210420182104201800000000000000000000000000000000000000000000000000000000000000000000000000000000       
1040001300010T 060000000638670000000000240000000000003960100000000024    210420180000000000030402370287500000000000000000000000024091000044388155926SPTRANS 10                                        000000000000125040102                     
1040001300010U 06000000000000000000000000000000000000000000000000000000000000000000000030400000000000030400000000000000000000000000000000210420182104201800000000000000000000000000000000000000000000000000000000000000000000000000000000       
1040001300011T 060000000638670000000000240000000000004000100000000025    210420180000000000030402370287500000000000000000000000025091000044388155926SPTRANS 10                                        000000000000125070202                     
1040001300011U 06000000000000000000000000000000000000000000000000000000000000000000000030400000000000030400000000000000000000000000000000210420182104201800000000000000000000000000000000000000000000000000000000000000000000000000000000       
1040001300012T 060000000638670000000000240000000000004770100000000031    210420180000000000002002370287500000000000000000000000031091000044388155926SPTRANS 10                                        000000000000125040102                     
1040001300012U 06000000000000000000000000000000000000000000000000000000000000000000000002000000000000002000000000000000000000000000000000210420182104201800000000000000000000000000000000000000000000000000000000000000000000000000000000       
1040001300013T 060000000638670000000000240000000000005070100000000034    210420180000000000004002370287500000000000000000000000034091000044388155926SPTRANS 10                                        000000000000125040102                     
1040001300013U 06000000000000000000000000000000000000000000000000000000000000000000000004000000000000004000000000000000000000000000000000210420182104201800000000000000000000000000000000000000000000000000000000000000000000000000000000       
1040001300014T 060000000638670000000000240000000000005150100000000035    210420180000000000004002370287500000000000000000000000035091000044388155926SPTRANS 10                                        000000000000125070202                     
1040001300014U 06000000000000000000000000000000000000000000000000000000000000000000000004000000000000004000000000000000000000000000000000210420182104201800000000000000000000000000000000000000000000000000000000000000000000000000000000       
1040001300015T 060000000638670000000000240000000000005400100000000038    210420180000000000000102370287500000000000000000000000038091000044388155926SPTRANS 10                                        000000000000125040102                     
1040001300015U 06000000000000000000000000000000000000000000000000000000000000000000000000100000000000000100000000000000000000000000000000210420182104201800000000000000000000000000000000000000000000000000000000000000000000000000000000       
1040001300016T 060000000638670000000000240000000000006120100000000042    250420180000000000200002370287500000000000000000000000042091000044388155926SPTRANS 10                                        000000000000125030202                     
1040001300016U 06000000000000000000000000000000000000000000000000000000000000000000000200000000000000200000000000000000000000000000000000250420182504201800000000000000000000000000000000000000000000000000000000000000000000000000000000       
1040001300017T 060000000638670000000000240000000000000960100000000003    140320180000000000031502370287500000000000000000000000003091000044388155926SPTRANS 10                                        000000000000125040102                     
1040001300017U 06000000000000000000000000000000000000000000000000000000000000000000000031500000000000031500000000000000000000000000000000140320181403201800000000000000000000000000000000000000000000000000000000000000000000000000000000       
1040001300018T 060000000638670000000000240000000000002990100000000014    210420180000000000010002370287500000000000000000000000014091000044388155926SPTRANS 10                                        000000000000125040102                     
1040001300018U 06000000000000000000000000000000000000000000000000000000000000000000000010000000000000010000000000000000000000000000000000210420182104201800000000000000000000000000000000000000000000000000000000000000000000000000000000       
1040001300019T 060000000638670000000000240000000000003020100000000015    210420180000000000010002370287500000000000000000000000015091000044388155926SPTRANS 10                                        000000000000125040102                     
1040001300019U 06000000000000000000000000000000000000000000000000000000000000000000000010000000000000010000000000000000000000000000000000210420182104201800000000000000000000000000000000000000000000000000000000000000000000000000000000       
1040001300020T 060000000638670000000000240000000000003100100000000016    210420180000000000010002370287500000000000000000000000016091000044388155926SPTRANS 10                                        000000000000125030202                     
1040001300020U 06000000000000000000000000000000000000000000000000000000000000000000000010000000000000010000000000000000000000000000000000210420182104201800000000000000000000000000000000000000000000000000000000000000000000000000000000       
1040001300021T 060000000638670000000000240000000000003700100000000022    210420180000000000071202370287500000000000000000000000022091000044388155926SPTRANS 10                                        000000000000125040102                     
1040001300021U 06000000000000000000000000000000000000000000000000000000000000000000000071200000000000071200000000000000000000000000000000210420182104201800000000000000000000000000000000000000000000000000000000000000000000000000000000       
1040001300022T 060000000638670000000000240000000000004180100000000026    210420180000000000015102370287500000000000000000000000026091000044388155926SPTRANS 10                                        000000000000125040102                     
1040001300022U 06000000000000000000000000000000000000000000000000000000000000000000000015100000000000015100000000000000000000000000000000210420182104201800000000000000000000000000000000000000000000000000000000000000000000000000000000       
1040001300023T 060000000638670000000000240000000000005820100000000039    240420180000000000001002370287500000000000000000000000039091000044388155926SPTRANS 10                                        000000000000125030202                     
1040001300023U 06000000000000000000000000000000000000000000000000000000000000000000000001000000000000001000000000000000000000000000000000240420182404201800000000000000000000000000000000000000000000000000000000000000000000000000000000       
1040001300024T 060000000638670000000000240000000000005900100000000040    240420180000000000100002370287500000000000000000000000040091000044388155926SPTRANS 10                                        000000000000125040102                     
1040001300024U 06000000000000000000000000000000000000000000000000000000000000000000000100000000000000100000000000000000000000000000000000240420182404201800000000000000000000000000000000000000000000000000000000000000000000000000000000       
1040001300025T 060000000638670000000000240000000000001300100000000007    210320180000000000013702370287500000000000000000000000007091000044388155926SPTRANS 10                                        000000000000125040102                     
1040001300025U 06000000000000000000000000000000000000000000000000000000000000000000000013700000000000013700000000000000000000000000000000210320182103201800000000000000000000000000000000000000000000000000000000000000000000000000000000       
1040001300026T 060000000638670000000000240000000000001590100000000009    150320180000000000013702370287500000000000000000000000009091000044388155926SPTRANS 10                                        000000000000125020102                     
1040001300026U 06000000000000000000000000000000000000000000000000000000000000000000000013700000000000013700000000000000000000000000000000150320181503201800000000000000000000000000000000000000000000000000000000000000000000000000000000       
1040001300027T 060000000638670000000000240000000000002640100000000011    010620190000000000520002370287500000000000000000000000011091000044388155926SPTRANS 10                                        000000000000125040102                     
1040001300027U 06000000000000000000000000000000000000000000000000000000000000000000000520000000000000520000000000000000000000000000000000010620190106201900000000000000000000000000000000000000000000000000000000000000000000000000000000       
1040001300028T 060000000638670000000000240000000000002800100000000013    210420180000000000071202370287500000000000000000000000013091000044388155926SPTRANS 10                                        000000000000125040102                     
1040001300028U 06000000000000000000000000000000000000000000000000000000000000000000000071200000000000071200000000000000000000000000000000210420182104201800000000000000000000000000000000000000000000000000000000000000000000000000000000       
1040001300029T 060000000638670000000000240000000000003450100000000019    210420180000000000011022370287500000000000000000000000019091000044388155926SPTRANS 10                                        000000000000125020102                     
1040001300029U 06000000000000000000000000000000000000000000000000000000000000000000000011020000000000011020000000000000000000000000000000210420182104201800000000000000000000000000000000000000000000000000000000000000000000000000000000       
1040001300030T 060000000638670000000000240000000000004500100000000029    210420180000000000020002370287500000000000000000000000029091000044388155926SPTRANS 10                                        000000000000125040102                     
1040001300030U 06000000000000000000000000000000000000000000000000000000000000000000000020000000000000020000000000000000000000000000000000210420182104201800000000000000000000000000000000000000000000000000000000000000000000000000000000       
1040001300031T 060000000638670000000000240000000000004690100000000030    210420180000000000020002370287500000000000000000000000030091000044388155926SPTRANS 10                                        000000000000125040102                     
1040001300031U 06000000000000000000000000000000000000000000000000000000000000000000000020000000000000020000000000000000000000000000000000210420182104201800000000000000000000000000000000000000000000000000000000000000000000000000000000       
1040001300032T 060000000638670000000000240000000000002720100000000012    210420180000000000020202370287500000000000000000000000012091000044388155926SPTRANS 10                                        000000000000125020202                     
1040001300032U 06000000000000000000000000000000000000000000000000000000000000000000000020200000000000020200000000000000000000000000000000210420182104201800000000000000000000000000000000000000000000000000000000000000000000000000000000       
1040001300033T 060000000638670000000000240000000000003610100000000021    210420180000000000013062370287500000000000000000000000021091000044388155926SPTRANS 10                                        000000000000125040102                     
1040001300033U 06000000000000000000000000000000000000000000000000000000000000000000000013060000000000013060000000000000000000000000000000210420182104201800000000000000000000000000000000000000000000000000000000000000000000000000000000       
1040001300034T 060000000638670000000000240000000000003880100000000023    210420180000000000015102370287500000000000000000000000023091000044388155926SPTRANS 10                                        000000000000125040102                     
1040001300034U 06000000000000000000000000000000000000000000000000000000000000000000000015100000000000015100000000000000000000000000000000210420182104201800000000000000000000000000000000000000000000000000000000000000000000000000000000       
1040001300035T 060000000638670000000000240000000000004930100000000033    210420180000000000080002370287500000000000000000000000033091000044388155926SPTRANS 10                                        000000000000125040102                     
1040001300035U 06000000000000000000000000000000000000000000000000000000000000000000000080000000000000080000000000000000000000000000000000210420182104201800000000000000000000000000000000000000000000000000000000000000000000000000000000       
1040001300036T 060000000638670000000000240000000000006040100000000041    250420180000000000020002370287500000000000000000000000041091000044388155926SPTRANS 10                                        000000000000125020202                     
1040001300036U 06000000000000000000000000000000000000000000000000000000000000000000000020000000000000020000000000000000000000000000000000250420182504201800000000000000000000000000000000000000000000000000000000000000000000000000000000       
1040001300037T 060000000638670000000000240000000000002010100000000010    170320180000000000013702370287500000000000000000000000010091000044388155926SPTRANS 10                                        000000000000125040102                     
1040001300037U 06000000000000000000000000000000000000000000000000000000000000000000000013700000000000013700000000000000000000000000000000170320181703201800000000000000000000000000000000000000000000000000000000000000000000000000000000       
1040001300038T 060000000638670000000000240000000000004260100000000027    210420180000000000005002370287500000000000000000000000027091000044388155926SPTRANS 10                                        000000000000125040102                     
1040001300038U 06000000000000000000000000000000000000000000000000000000000000000000000005000000000000005000000000000000000000000000000000210420182104201800000000000000000000000000000000000000000000000000000000000000000000000000000000       
1040001300039T 060000000638670000000000240000000000004340100000000028    210420180000000000826002370287500000000000000000000000028091000044388155926SPTRANS 10                                        000000000000125020202                     
1040001300039U 06000000000000000000000000000000000000000000000000000000000000000000000826000000000000826000000000000000000000000000000000210420182104201800000000000000000000000000000000000000000000000000000000000000000000000000000000       
1040001300040T 060000000638670000000000240000000000004850100000000032    210420180000000000080002370287500000000000000000000000032091000044388155926SPTRANS 10                                        000000000000125040102                     
1040001300040U 06000000000000000000000000000000000000000000000000000000000000000000000080000000000000080000000000000000000000000000000000210420182104201800000000000000000000000000000000000000000000000000000000000000000000000000000000       
1040001300041T 060000000638670000000000240000000000005230100000000036    210420180000000000001002370287500000000000000000000000036091000044388155926SPTRANS 10                                        000000000000125040102                     
1040001300041U 06000000000000000000000000000000000000000000000000000000000000000000000001000000000000001000000000000000000000000000000000210420182104201800000000000000000000000000000000000000000000000000000000000000000000000000000000       
1040001300042T 060000000638670000000000240000000000005310100000000037    210420180000000000000252370287500000000000000000000000037091000044388155926SPTRANS 10                                        000000000000125040102                     
1040001300042U 06000000000000000000000000000000000000000000000000000000000000000000000000250000000000000250000000000000000000000000000000210420182104201800000000000000000000000000000000000000000000000000000000000000000000000000000000       
10400015         00008600000000000000000000000000000000000000000000000000000000000000000000000000000000000000000000                                                                                                                             
10499999         000001000088                                                                                                                                                                                                                   
